@book{osborne2022crisis,
  title={Crisis as Form},
  author={Osborne, Peter},
  year={2022},
  publisher={Verso Books},
  address={London}
}

@misc{rabb2024curators,
  author={Rabb, Maxwell},
  title={15 Leading Curators Predict the Defining Art Trends of 2024},
  year={2024},
  month={January},
  day={12},
  organization={Artsy Editorial},
  url={https://www.artsy.net/article/artsy-editorial-15-leading-curators-predict-defining-art-trends-2024},
  note={Available at: \url{https://www.artsy.net/article/artsy-editorial-15-leading-curators-predict-defining-art-trends-2024}}
}

@article{salasespasa2025aura,
  author={Salas Espasa, David and Camacho, Mar},
  year={2025},
  month={June},
  pages={1-33},
  title={From aura to semi-aura: reframing authenticity in AI-generated art—a systematic literature review},
  journal={AI \& Society},
  doi={10.1007/s00146-025-07259-4}
}

@article{messer2024cocreating,
  title={Co-creating with AI: The impact of AI-involvement on the perception of creative output},
  author={Messer, Sophia and K{\"o}nig, Cornelius J and Graner, Alina},
  journal={Computers in Human Behavior},
  volume={157},
  pages={108227},
  year={2024},
  publisher={Elsevier}
}

@article{cetinic2022understanding,
  title={Understanding and creating art with AI: Review and outlook},
  author={Cetinic, Eva and She, James},
  journal={ACM Transactions on Multimedia Computing, Communications, and Applications (TOMM)},
  volume={18},
  number={2},
  pages={1--22},
  year={2022},
  publisher={ACM New York, NY}
}

@article{cramer2015post,
  title={What is 'post-digital'?},
  author={Cramer, Florian},
  journal={Postdigital Aesthetics: Art, Computation and Design},
  pages={12--26},
  year={2015},
  publisher={Springer}
}

@book{chilvers_glaves_smith2009_dictionary,
  author={Chilvers, Ian and Glaves-Smith, John},
  title={A Dictionary of Modern and Contemporary Art},
  edition={2nd},
  publisher={Oxford University Press},
  address={Oxford},
  year={2009},
  isbn={9780199239658},
  pages={viii+776}
}

@book{jiandan2025_pengzhang_yishu,
  author={煎蛋队长},
  title={膨胀的艺术：灵感与创意源泉300词},
  publisher={北京联合出版公司},
  year={2025},
  month={jan},
  pages={316},
  isbn={9787559681171}
}

@misc{wu_ming_foundation_intro,
  author={{Wu Ming Foundation}},
  title={What is the Wu Ming Foundation?},
  year={2023},
  organization={Wu Ming Foundation},
  url={https://www.wumingfoundation.com/giap/what-is-the-wu-ming-foundation/}
}

@misc{mcp_overview_2025,
  author={{Anthropic}},
  title={Overview – Model Context Protocol},
  year={2025},
  organization={Anthropic},
  url={https://modelcontextprotocol.io/introduction}
}

@inproceedings{ospina2019object,
  author={Ospina, Adriana},
  year={2019},
  month={06},
  title={Object-oriented Ontology A New Theory of Everything by Graham Harman, and Art Confusions},
  booktitle={Conference Proceedings}
}

@book{jameson1991postmodernism,
  ISBN={9780822309291},
  URL={http://www.jstor.org/stable/j.ctv12100qm},
  author={Jameson, Fredric},
  publisher={Duke University Press},
  title={Postmodernism, or, The Cultural Logic of Late Capitalism},
  year={1991}
}

@book{harman2018object,
  title={Object-Oriented Ontology: A New Theory of Everything},
  author={Harman, Graham},
  publisher={Pelican Books},
  address={London},
  year={2018}
}

@book{benjamin1969work,
  title={The Work of Art in the Age of Mechanical Reproduction},
  author={Benjamin, Walter},
  booktitle={Illuminations},
  translator={Zohn, Harry},
  publisher={Schocken Books},
  address={New York},
  year={1969}
}

@book{manovich2018ai,
  title={AI Aesthetics},
  author={Manovich, Lev},
  publisher={Strelka Press},
  address={Milan},
  year={2018}
}

@book{stiegler2011technics1,
  title={Technics and Time, 1: The Fault of Epimetheus},
  author={Stiegler, Bernard},
  translator={Beardsworth, Richard and Collins, George},
  publisher={Stanford University Press},
  address={Stanford},
  year={1998},
  note={Originally published in French as \textit{La technique et le temps, 1: La faute d'Épiméthée} (1994)}
}

@book{simondon2017evolution,
  title={On the Mode of Existence of Technical Objects},
  author={Simondon, Gilbert},
  translator={Malaspina, Cecile and Rogove, John},
  publisher={Univocal Publishing},
  address={Minneapolis},
  year={2017},
  note={Originally published in French as \textit{Du mode d'existence des objets techniques} (1958)}
} 